<?xml version="1.0" encoding="UTF-8"?>
<record xmlns="http://www.loc.gov/MARC21/slim" xmlns:xsi="http://www.w3.org/2001/XMLSchema-instance" xsi:schemaLocation="http://www.loc.gov/MARC21/slim http://www.loc.gov/standards/marcxml/schema/MARC21slim.xsd">
<leader>     cam a22002291  4500</leader>
<controlfield tag="001">001677684</controlfield>
<controlfield tag="003">NNU</controlfield>
<controlfield tag="005">20001218201156.0</controlfield>
<controlfield tag="008">851105s1925    ua bcfh       000 0 ara</controlfield>
<datafield tag="010" ind1=" " ind2=" ">
<subfield code="a">60035202</subfield>
</datafield>
<datafield tag="035" ind1="9" ind2=" ">
<subfield code="a">NYUb12221068</subfield>
</datafield>
<datafield tag="035" ind1=" " ind2=" ">
<subfield code="a">(CStRLIN)MIUG85-B100430</subfield>
</datafield>
<datafield tag="040" ind1=" " ind2=" ">
<subfield code="c">MiU</subfield>
<subfield code="d">MiU</subfield>
</datafield>
<datafield tag="050" ind1="0" ind2=" ">
<subfield code="a">BP187.3</subfield>
<subfield code="b">.I3</subfield>
</datafield>
<datafield tag="100" ind1="0" ind2=" ">
<subfield code="a">Hilmizade İbrahim Rif'at.</subfield>
</datafield>
<datafield tag="245" ind1="1" ind2="0">
<subfield code="a">Mirʼāt al-Ḥaramayn,</subfield>
<subfield code="b">Aw al-Riḥlat al-Ḥijāzīyah wa-al-Ḥajj wa-Mashāʻiruhu al-Dīnīyah, Maḥallāt bi-Miʼāt al-Ṣuwar al-Shamsīyah. Taʼlīf: wa Rasm:</subfield>
<subfield code="c">Ibrahīm Rifʻat. al-Tabʻah al-ʼUlá.</subfield>
</datafield>
<datafield tag="260" ind1=" " ind2=" ">
<subfield code="a">al-Qāhirah,</subfield>
<subfield code="b">Maṭbaʻat Dār al-Kutub al-Miṣrīyah,</subfield>
<subfield code="c">1344/1925.</subfield>
</datafield>
<datafield tag="300" ind1=" " ind2=" ">
<subfield code="a">2 v.</subfield>
<subfield code="b">plates, ports., maps, facsims, (part col.)</subfield>
<subfield code="c">26 cm.</subfield>
</datafield>
<datafield tag="650" ind1=" " ind2="0">
<subfield code="a">Pilgrims and pilgrimages</subfield>
<subfield code="z">Saudi Arabia</subfield>
<subfield code="z">Mecca.</subfield>
</datafield>
<datafield tag="OWN" ind1=" " ind2=" ">
<subfield code="a">GENERAL</subfield>
</datafield>
<datafield tag="950" ind1=" " ind2=" ">
<subfield code="l">BMAIN</subfield>
<subfield code="a">BP187.3</subfield>
<subfield code="b">.R5</subfield>
</datafield>
<datafield tag="955" ind1=" " ind2=" ">
<subfield code="l">BMAIN</subfield>
<subfield code="c">1:v.1</subfield>
<subfield code="r">010026436</subfield>
</datafield>
<datafield tag="955" ind1=" " ind2=" ">
<subfield code="l">BMAIN</subfield>
<subfield code="c">1:v.2</subfield>
<subfield code="r">007237798</subfield>
</datafield>
<datafield tag="998" ind1=" " ind2=" ">
<subfield code="s">9124</subfield>
</datafield>
<datafield tag="AVA" ind1=" " ind2=" ">
<subfield code="a">NYU50</subfield>
<subfield code="b">BOBST</subfield>
<subfield code="c">Main Collection</subfield>
<subfield code="d">BP187.3 .R5</subfield>
<subfield code="e">unavailable</subfield>
<subfield code="t">Unavailable</subfield>
<subfield code="f">2</subfield>
<subfield code="g">2</subfield>
<subfield code="h">Y</subfield>
<subfield code="i">2</subfield>
<subfield code="j">MAIN</subfield>
<subfield code="k">0</subfield>
</datafield>
</record>
